<?xml version="1.0" encoding="UTF-8"?><collection xmlns="http://www.loc.gov/MARC21/slim"><record><leader>00351nam--2200109-i-4500</leader><controlfield tag="001">000026480</controlfield><controlfield tag="002">20161230</controlfield><controlfield tag="005">20161230201036</controlfield><controlfield tag="008">060222s1000------------r-----000-0-eng-d</controlfield><datafield ind1=" " ind2=" " tag="245"><subfield code="a">Instructiuni 199-65 pentru verificarea pulsatoarelor hidralulice de incercari oscilante. ed.oficiale</subfield></datafield><datafield ind1=" " ind2=" " tag="260"><subfield code="a">Bucuresti, Of.De Stat Pt.Metrologie, 1966. 47p</subfield></datafield><datafield ind1=" " ind2=" " tag="852"><subfield code="a">24289</subfield></datafield></record></collection>